@misc{rolnick2018,
      title={The power of deeper networks for expressing natural functions}, 
      author={David Rolnick and Max Tegmark},
      year={2018},
      eprint={1705.05502},
      archivePrefix={arXiv},
      primaryClass={cs.LG},
      url={https://arxiv.org/abs/1705.05502}, 
}

@article{Lin2017,
  title = {Why Does Deep and Cheap Learning Work So Well?},
  volume = {168},
  ISSN = {1572-9613},
  url = {http://dx.doi.org/10.1007/s10955-017-1836-5},
  DOI = {10.1007/s10955-017-1836-5},
  number = {6},
  journal = {Journal of Statistical Physics},
  publisher = {Springer Science and Business Media LLC},
  author = {Lin,  Henry W. and Tegmark,  Max and Rolnick,  David},
  year = {2017},
  month = jul,
  pages = {1223â€“1247}
}