@misc{margotti-eit,
  author = {Margotti, Fábio},
  title = {EIT Prototype: Impedance Tomography for monitoring multiphase flows},
  year = {2022},
  url = {https://fabiomargotti.paginas.ufsc.br/prototipo2/},
  urlaccessdate = {junho de 2023},
}

@book{kreyszig,
  title={Introductory Functional Analysis with Applications},
  author={Erwin Kreyszig},
  year={1991},
  publisher={Wiley},
  address={Nova Iorque}
}

@book{kirsch,
  title={An Introduction to the Mathematical Theory of Inverse Problems},
  author={Andreas Kirsch},
  year={2011},
  publisher={Springer New York},
  address={Nova Iorque}
}

@article{somersalo,
    author = {Erkki Somersalo and Margaret Cheney and David Isaacson},
    title = {Existence and Uniqueness for Electrode Models for Electric Current Computed Tomography},
    volume = {52},
    number = {4},
    journal = {SIAM Journal on Applied Mathematics},
    year = {1992},
}

@misc{hafemann,
    author = {Hafemann, Eduardo},
    title={Biblioteca livre em python para o problema Inverso da tomografia por impedância elétrica baseado no FEniCS},
    year = {2019},
    url={https://hafemanne.github.io/FEIT/},
    urlaccessdate={junho de 2023}
}

@article{cheney,
    author = {Cheney, Margaret and Isaacson, David and Newell, Jonathan C.},
    title = {Electrical Impedance Tomography},
    journal = {SIAM Review},
    volume = {41},
    number = {1},
    pages = {85-101},
    year = {1999},
    doi = {10.1137/S0036144598333613},
    URL = { 
            https://doi.org/10.1137/S0036144598333613
    },
}

@monography{santana,
    author = {Santana, Lucas Marcílio},
    title = {Tomografia por Impedância Elétrica: Aspectos Teóricos e Implementação Computacional},
    school = {Universidade Federal de Santa Catarina},
    year = {2022},
    address = {Florianópolis},
    type = {Bacharelado em Matemática}
}
