@misc{margotti-eit,
  author = {Margotti, FÃ¡bio},
  title = {EIT Prototype: Impedance Tomography for monitoring multiphase flows},
  year = {2022},
  url = {https://fabiomargotti.paginas.ufsc.br/prototipo2/},
  urlaccessdate = {junho de 2023},
}

